@Misc{Berdahl:2014:Misc,
author={Berdahl, Edgar},
title={HowToBuildAPoweredLoudspeaker From ModernLutherie},
month = feb,
year = {2014},
howpublished={\url{https://ccrma.stanford.edu/~eberdahl/7745/HowToBuildAPoweredLoudspeaker.pdf}}
},
@Misc{Bhargava:2013:Misc,
author={Rahul Bhargava},
title={BoxMaker},
year = {2013},
howpublished={\url{http://boxmaker.rahulbotics.com/}}
},
@Misc{Ponoko,
author={Sparkfun},
title={Ponoko},
howpublished={\url{http://www.ponoko.com/make-and-sell/how-it-works}}
},
@Misc{RPi,
author={Sparkfun},
title={Raspberry Pi - Model B},
howpublished={\url{https://www.sparkfun.com/products/11546}}
},
@Misc{PCB,
author={Sparkfun},
title={Button Pad 4x4 - Breakout PCB},
howpublished={\url{https://www.sparkfun.com/products/8033}}
},
@Misc{BP,
author={Sparkfun},
title={Button Pad 4x4 - LED Compatible},
howpublished={\url{https://www.sparkfun.com/products/7835}}
},
@Misc{DIO,
author={Sparkfun},
title={Diode Small Signal - 1N4148},
howpublished={\url{https://www.sparkfun.com/products/8588}}
},
@Misc{BH,
author={Sparkfun},
title={Break Away Headers - Straight},
howpublished={\url{https://www.sparkfun.com/products/116}}
},
@Misc{Jumper,
author={Sparkfun},
title={Jumper Wires Premium 6" F/F Pack of 10},
howpublished={\url{https://www.sparkfun.com/products/8430}}
},
@Misc{SF,
title={Sparkfun},
howpublished=(\url{https://www.sparkfun.com}}
},
@Misc{RPi.GPIO,
author={Croston, Ben},
title={RPi.GPIO},
year={2014},
howpublished={\url{https://pypi.python.org/pypi/RPi.GPIO}}
}