@online{Berdahl,
author = {Edgar Berdahl},
title = {HowToBuildAPoweredLoudspeaker
},
year = {2014},
url = {https://ccrma.stanford.edu/~eberdahl/7745/HowToBuildAPoweredLoudspeaker.pdf},
}
